%YAML 1.1
%TAG !u! tag:unity3d.com,2011:
--- !u!1 &3651653654301108680
GameObject:
  m_ObjectHideFlags: 0
  m_CorrespondingSourceObject: {fileID: 0}
  m_PrefabInstance: {fileID: 0}
  m_PrefabAsset: {fileID: 0}
  serializedVersion: 6
  m_Component:
  - component: {fileID: 2840172611058924507}
  m_Layer: 0
  m_Name: Pared
  m_TagString: Untagged
  m_Icon: {fileID: 0}
  m_NavMeshLayer: 0
  m_StaticEditorFlags: 0
  m_IsActive: 1
--- !u!4 &2840172611058924507
Transform:
  m_ObjectHideFlags: 0
  m_CorrespondingSourceObject: {fileID: 0}
  m_PrefabInstance: {fileID: 0}
  m_PrefabAsset: {fileID: 0}
  m_GameObject: {fileID: 3651653654301108680}
  m_LocalRotation: {x: 0, y: 0, z: 0, w: 1}
  m_LocalPosition: {x: 0, y: 0, z: 0}
  m_LocalScale: {x: 1, y: 1, z: 1}
  m_ConstrainProportionsScale: 0
  m_Children:
  - {fileID: 3958413193694315707}
  - {fileID: 4349802538326697562}
  - {fileID: 133622197080330163}
  - {fileID: 8235642372379521756}
  - {fileID: 2123340898327207884}
  - {fileID: 1717869754965255182}
  - {fileID: 6724290905218467680}
  - {fileID: 267441741911489086}
  - {fileID: 73455161354885401}
  - {fileID: 4479624798687418150}
  m_Father: {fileID: 0}
  m_RootOrder: 0
  m_LocalEulerAnglesHint: {x: 0, y: 0, z: 0}
--- !u!1001 &2147702123703676598
PrefabInstance:
  m_ObjectHideFlags: 0
  serializedVersion: 2
  m_Modification:
    m_TransformParent: {fileID: 2840172611058924507}
    m_Modifications:
    - target: {fileID: 4656529876207692246, guid: ebc19cb28fdd7a14ebd568043808ece4, type: 3}
      propertyPath: m_RootOrder
      value: 6
      objectReference: {fileID: 0}
    - target: {fileID: 4656529876207692246, guid: ebc19cb28fdd7a14ebd568043808ece4, type: 3}
      propertyPath: m_LocalPosition.x
      value: 14
      objectReference: {fileID: 0}
    - target: {fileID: 4656529876207692246, guid: ebc19cb28fdd7a14ebd568043808ece4, type: 3}
      propertyPath: m_LocalPosition.y
      value: 0
      objectReference: {fileID: 0}
    - target: {fileID: 4656529876207692246, guid: ebc19cb28fdd7a14ebd568043808ece4, type: 3}
      propertyPath: m_LocalPosition.z
      value: 0
      objectReference: {fileID: 0}
    - target: {fileID: 4656529876207692246, guid: ebc19cb28fdd7a14ebd568043808ece4, type: 3}
      propertyPath: m_LocalRotation.w
      value: 1
      objectReference: {fileID: 0}
    - target: {fileID: 4656529876207692246, guid: ebc19cb28fdd7a14ebd568043808ece4, type: 3}
      propertyPath: m_LocalRotation.x
      value: -0
      objectReference: {fileID: 0}
    - target: {fileID: 4656529876207692246, guid: ebc19cb28fdd7a14ebd568043808ece4, type: 3}
      propertyPath: m_LocalRotation.y
      value: -0
      objectReference: {fileID: 0}
    - target: {fileID: 4656529876207692246, guid: ebc19cb28fdd7a14ebd568043808ece4, type: 3}
      propertyPath: m_LocalRotation.z
      value: -0
      objectReference: {fileID: 0}
    - target: {fileID: 4656529876207692246, guid: ebc19cb28fdd7a14ebd568043808ece4, type: 3}
      propertyPath: m_LocalEulerAnglesHint.x
      value: 0
      objectReference: {fileID: 0}
    - target: {fileID: 4656529876207692246, guid: ebc19cb28fdd7a14ebd568043808ece4, type: 3}
      propertyPath: m_LocalEulerAnglesHint.y
      value: 0
      objectReference: {fileID: 0}
    - target: {fileID: 4656529876207692246, guid: ebc19cb28fdd7a14ebd568043808ece4, type: 3}
      propertyPath: m_LocalEulerAnglesHint.z
      value: 0
      objectReference: {fileID: 0}
    - target: {fileID: 4656529876207692247, guid: ebc19cb28fdd7a14ebd568043808ece4, type: 3}
      propertyPath: m_Name
      value: SegmentoPared (8)
      objectReference: {fileID: 0}
    m_RemovedComponents: []
  m_SourcePrefab: {fileID: 100100000, guid: ebc19cb28fdd7a14ebd568043808ece4, type: 3}
--- !u!4 &6724290905218467680 stripped
Transform:
  m_CorrespondingSourceObject: {fileID: 4656529876207692246, guid: ebc19cb28fdd7a14ebd568043808ece4, type: 3}
  m_PrefabInstance: {fileID: 2147702123703676598}
  m_PrefabAsset: {fileID: 0}
--- !u!1001 &3663027773394148106
PrefabInstance:
  m_ObjectHideFlags: 0
  serializedVersion: 2
  m_Modification:
    m_TransformParent: {fileID: 2840172611058924507}
    m_Modifications:
    - target: {fileID: 4656529876207692246, guid: ebc19cb28fdd7a14ebd568043808ece4, type: 3}
      propertyPath: m_RootOrder
      value: 3
      objectReference: {fileID: 0}
    - target: {fileID: 4656529876207692246, guid: ebc19cb28fdd7a14ebd568043808ece4, type: 3}
      propertyPath: m_LocalPosition.x
      value: 8
      objectReference: {fileID: 0}
    - target: {fileID: 4656529876207692246, guid: ebc19cb28fdd7a14ebd568043808ece4, type: 3}
      propertyPath: m_LocalPosition.y
      value: 0
      objectReference: {fileID: 0}
    - target: {fileID: 4656529876207692246, guid: ebc19cb28fdd7a14ebd568043808ece4, type: 3}
      propertyPath: m_LocalPosition.z
      value: 0
      objectReference: {fileID: 0}
    - target: {fileID: 4656529876207692246, guid: ebc19cb28fdd7a14ebd568043808ece4, type: 3}
      propertyPath: m_LocalRotation.w
      value: 1
      objectReference: {fileID: 0}
    - target: {fileID: 4656529876207692246, guid: ebc19cb28fdd7a14ebd568043808ece4, type: 3}
      propertyPath: m_LocalRotation.x
      value: -0
      objectReference: {fileID: 0}
    - target: {fileID: 4656529876207692246, guid: ebc19cb28fdd7a14ebd568043808ece4, type: 3}
      propertyPath: m_LocalRotation.y
      value: -0
      objectReference: {fileID: 0}
    - target: {fileID: 4656529876207692246, guid: ebc19cb28fdd7a14ebd568043808ece4, type: 3}
      propertyPath: m_LocalRotation.z
      value: -0
      objectReference: {fileID: 0}
    - target: {fileID: 4656529876207692246, guid: ebc19cb28fdd7a14ebd568043808ece4, type: 3}
      propertyPath: m_LocalEulerAnglesHint.x
      value: 0
      objectReference: {fileID: 0}
    - target: {fileID: 4656529876207692246, guid: ebc19cb28fdd7a14ebd568043808ece4, type: 3}
      propertyPath: m_LocalEulerAnglesHint.y
      value: 0
      objectReference: {fileID: 0}
    - target: {fileID: 4656529876207692246, guid: ebc19cb28fdd7a14ebd568043808ece4, type: 3}
      propertyPath: m_LocalEulerAnglesHint.z
      value: 0
      objectReference: {fileID: 0}
    - target: {fileID: 4656529876207692247, guid: ebc19cb28fdd7a14ebd568043808ece4, type: 3}
      propertyPath: m_Name
      value: SegmentoPared (5)
      objectReference: {fileID: 0}
    m_RemovedComponents: []
  m_SourcePrefab: {fileID: 100100000, guid: ebc19cb28fdd7a14ebd568043808ece4, type: 3}
--- !u!4 &8235642372379521756 stripped
Transform:
  m_CorrespondingSourceObject: {fileID: 4656529876207692246, guid: ebc19cb28fdd7a14ebd568043808ece4, type: 3}
  m_PrefabInstance: {fileID: 3663027773394148106}
  m_PrefabAsset: {fileID: 0}
--- !u!1001 &4703422595919177317
PrefabInstance:
  m_ObjectHideFlags: 0
  serializedVersion: 2
  m_Modification:
    m_TransformParent: {fileID: 2840172611058924507}
    m_Modifications:
    - target: {fileID: 4656529876207692246, guid: ebc19cb28fdd7a14ebd568043808ece4, type: 3}
      propertyPath: m_RootOrder
      value: 2
      objectReference: {fileID: 0}
    - target: {fileID: 4656529876207692246, guid: ebc19cb28fdd7a14ebd568043808ece4, type: 3}
      propertyPath: m_LocalPosition.x
      value: 6
      objectReference: {fileID: 0}
    - target: {fileID: 4656529876207692246, guid: ebc19cb28fdd7a14ebd568043808ece4, type: 3}
      propertyPath: m_LocalPosition.y
      value: 0
      objectReference: {fileID: 0}
    - target: {fileID: 4656529876207692246, guid: ebc19cb28fdd7a14ebd568043808ece4, type: 3}
      propertyPath: m_LocalPosition.z
      value: 0
      objectReference: {fileID: 0}
    - target: {fileID: 4656529876207692246, guid: ebc19cb28fdd7a14ebd568043808ece4, type: 3}
      propertyPath: m_LocalRotation.w
      value: 1
      objectReference: {fileID: 0}
    - target: {fileID: 4656529876207692246, guid: ebc19cb28fdd7a14ebd568043808ece4, type: 3}
      propertyPath: m_LocalRotation.x
      value: -0
      objectReference: {fileID: 0}
    - target: {fileID: 4656529876207692246, guid: ebc19cb28fdd7a14ebd568043808ece4, type: 3}
      propertyPath: m_LocalRotation.y
      value: -0
      objectReference: {fileID: 0}
    - target: {fileID: 4656529876207692246, guid: ebc19cb28fdd7a14ebd568043808ece4, type: 3}
      propertyPath: m_LocalRotation.z
      value: -0
      objectReference: {fileID: 0}
    - target: {fileID: 4656529876207692246, guid: ebc19cb28fdd7a14ebd568043808ece4, type: 3}
      propertyPath: m_LocalEulerAnglesHint.x
      value: 0
      objectReference: {fileID: 0}
    - target: {fileID: 4656529876207692246, guid: ebc19cb28fdd7a14ebd568043808ece4, type: 3}
      propertyPath: m_LocalEulerAnglesHint.y
      value: 0
      objectReference: {fileID: 0}
    - target: {fileID: 4656529876207692246, guid: ebc19cb28fdd7a14ebd568043808ece4, type: 3}
      propertyPath: m_LocalEulerAnglesHint.z
      value: 0
      objectReference: {fileID: 0}
    - target: {fileID: 4656529876207692247, guid: ebc19cb28fdd7a14ebd568043808ece4, type: 3}
      propertyPath: m_Name
      value: SegmentoPared (4)
      objectReference: {fileID: 0}
    m_RemovedComponents: []
  m_SourcePrefab: {fileID: 100100000, guid: ebc19cb28fdd7a14ebd568043808ece4, type: 3}
--- !u!4 &133622197080330163 stripped
Transform:
  m_CorrespondingSourceObject: {fileID: 4656529876207692246, guid: ebc19cb28fdd7a14ebd568043808ece4, type: 3}
  m_PrefabInstance: {fileID: 4703422595919177317}
  m_PrefabAsset: {fileID: 0}
--- !u!1001 &4727555114538135759
PrefabInstance:
  m_ObjectHideFlags: 0
  serializedVersion: 2
  m_Modification:
    m_TransformParent: {fileID: 2840172611058924507}
    m_Modifications:
    - target: {fileID: 4656529876207692246, guid: ebc19cb28fdd7a14ebd568043808ece4, type: 3}
      propertyPath: m_RootOrder
      value: 8
      objectReference: {fileID: 0}
    - target: {fileID: 4656529876207692246, guid: ebc19cb28fdd7a14ebd568043808ece4, type: 3}
      propertyPath: m_LocalPosition.x
      value: 18
      objectReference: {fileID: 0}
    - target: {fileID: 4656529876207692246, guid: ebc19cb28fdd7a14ebd568043808ece4, type: 3}
      propertyPath: m_LocalPosition.y
      value: 0
      objectReference: {fileID: 0}
    - target: {fileID: 4656529876207692246, guid: ebc19cb28fdd7a14ebd568043808ece4, type: 3}
      propertyPath: m_LocalPosition.z
      value: 0
      objectReference: {fileID: 0}
    - target: {fileID: 4656529876207692246, guid: ebc19cb28fdd7a14ebd568043808ece4, type: 3}
      propertyPath: m_LocalRotation.w
      value: 1
      objectReference: {fileID: 0}
    - target: {fileID: 4656529876207692246, guid: ebc19cb28fdd7a14ebd568043808ece4, type: 3}
      propertyPath: m_LocalRotation.x
      value: -0
      objectReference: {fileID: 0}
    - target: {fileID: 4656529876207692246, guid: ebc19cb28fdd7a14ebd568043808ece4, type: 3}
      propertyPath: m_LocalRotation.y
      value: -0
      objectReference: {fileID: 0}
    - target: {fileID: 4656529876207692246, guid: ebc19cb28fdd7a14ebd568043808ece4, type: 3}
      propertyPath: m_LocalRotation.z
      value: -0
      objectReference: {fileID: 0}
    - target: {fileID: 4656529876207692246, guid: ebc19cb28fdd7a14ebd568043808ece4, type: 3}
      propertyPath: m_LocalEulerAnglesHint.x
      value: 0
      objectReference: {fileID: 0}
    - target: {fileID: 4656529876207692246, guid: ebc19cb28fdd7a14ebd568043808ece4, type: 3}
      propertyPath: m_LocalEulerAnglesHint.y
      value: 0
      objectReference: {fileID: 0}
    - target: {fileID: 4656529876207692246, guid: ebc19cb28fdd7a14ebd568043808ece4, type: 3}
      propertyPath: m_LocalEulerAnglesHint.z
      value: 0
      objectReference: {fileID: 0}
    - target: {fileID: 4656529876207692247, guid: ebc19cb28fdd7a14ebd568043808ece4, type: 3}
      propertyPath: m_Name
      value: SegmentoPared (10)
      objectReference: {fileID: 0}
    m_RemovedComponents: []
  m_SourcePrefab: {fileID: 100100000, guid: ebc19cb28fdd7a14ebd568043808ece4, type: 3}
--- !u!4 &73455161354885401 stripped
Transform:
  m_CorrespondingSourceObject: {fileID: 4656529876207692246, guid: ebc19cb28fdd7a14ebd568043808ece4, type: 3}
  m_PrefabInstance: {fileID: 4727555114538135759}
  m_PrefabAsset: {fileID: 0}
--- !u!1001 &4839528573199225832
PrefabInstance:
  m_ObjectHideFlags: 0
  serializedVersion: 2
  m_Modification:
    m_TransformParent: {fileID: 2840172611058924507}
    m_Modifications:
    - target: {fileID: 4656529876207692246, guid: ebc19cb28fdd7a14ebd568043808ece4, type: 3}
      propertyPath: m_RootOrder
      value: 7
      objectReference: {fileID: 0}
    - target: {fileID: 4656529876207692246, guid: ebc19cb28fdd7a14ebd568043808ece4, type: 3}
      propertyPath: m_LocalPosition.x
      value: 16
      objectReference: {fileID: 0}
    - target: {fileID: 4656529876207692246, guid: ebc19cb28fdd7a14ebd568043808ece4, type: 3}
      propertyPath: m_LocalPosition.y
      value: 0
      objectReference: {fileID: 0}
    - target: {fileID: 4656529876207692246, guid: ebc19cb28fdd7a14ebd568043808ece4, type: 3}
      propertyPath: m_LocalPosition.z
      value: 0
      objectReference: {fileID: 0}
    - target: {fileID: 4656529876207692246, guid: ebc19cb28fdd7a14ebd568043808ece4, type: 3}
      propertyPath: m_LocalRotation.w
      value: 1
      objectReference: {fileID: 0}
    - target: {fileID: 4656529876207692246, guid: ebc19cb28fdd7a14ebd568043808ece4, type: 3}
      propertyPath: m_LocalRotation.x
      value: -0
      objectReference: {fileID: 0}
    - target: {fileID: 4656529876207692246, guid: ebc19cb28fdd7a14ebd568043808ece4, type: 3}
      propertyPath: m_LocalRotation.y
      value: -0
      objectReference: {fileID: 0}
    - target: {fileID: 4656529876207692246, guid: ebc19cb28fdd7a14ebd568043808ece4, type: 3}
      propertyPath: m_LocalRotation.z
      value: -0
      objectReference: {fileID: 0}
    - target: {fileID: 4656529876207692246, guid: ebc19cb28fdd7a14ebd568043808ece4, type: 3}
      propertyPath: m_LocalEulerAnglesHint.x
      value: 0
      objectReference: {fileID: 0}
    - target: {fileID: 4656529876207692246, guid: ebc19cb28fdd7a14ebd568043808ece4, type: 3}
      propertyPath: m_LocalEulerAnglesHint.y
      value: 0
      objectReference: {fileID: 0}
    - target: {fileID: 4656529876207692246, guid: ebc19cb28fdd7a14ebd568043808ece4, type: 3}
      propertyPath: m_LocalEulerAnglesHint.z
      value: 0
      objectReference: {fileID: 0}
    - target: {fileID: 4656529876207692247, guid: ebc19cb28fdd7a14ebd568043808ece4, type: 3}
      propertyPath: m_Name
      value: SegmentoPared (9)
      objectReference: {fileID: 0}
    m_RemovedComponents: []
  m_SourcePrefab: {fileID: 100100000, guid: ebc19cb28fdd7a14ebd568043808ece4, type: 3}
--- !u!4 &267441741911489086 stripped
Transform:
  m_CorrespondingSourceObject: {fileID: 4656529876207692246, guid: ebc19cb28fdd7a14ebd568043808ece4, type: 3}
  m_PrefabInstance: {fileID: 4839528573199225832}
  m_PrefabAsset: {fileID: 0}
--- !u!1001 &6289356252871724504
PrefabInstance:
  m_ObjectHideFlags: 0
  serializedVersion: 2
  m_Modification:
    m_TransformParent: {fileID: 2840172611058924507}
    m_Modifications:
    - target: {fileID: 4656529876207692246, guid: ebc19cb28fdd7a14ebd568043808ece4, type: 3}
      propertyPath: m_RootOrder
      value: 5
      objectReference: {fileID: 0}
    - target: {fileID: 4656529876207692246, guid: ebc19cb28fdd7a14ebd568043808ece4, type: 3}
      propertyPath: m_LocalPosition.x
      value: 12
      objectReference: {fileID: 0}
    - target: {fileID: 4656529876207692246, guid: ebc19cb28fdd7a14ebd568043808ece4, type: 3}
      propertyPath: m_LocalPosition.y
      value: 0
      objectReference: {fileID: 0}
    - target: {fileID: 4656529876207692246, guid: ebc19cb28fdd7a14ebd568043808ece4, type: 3}
      propertyPath: m_LocalPosition.z
      value: 0
      objectReference: {fileID: 0}
    - target: {fileID: 4656529876207692246, guid: ebc19cb28fdd7a14ebd568043808ece4, type: 3}
      propertyPath: m_LocalRotation.w
      value: 1
      objectReference: {fileID: 0}
    - target: {fileID: 4656529876207692246, guid: ebc19cb28fdd7a14ebd568043808ece4, type: 3}
      propertyPath: m_LocalRotation.x
      value: -0
      objectReference: {fileID: 0}
    - target: {fileID: 4656529876207692246, guid: ebc19cb28fdd7a14ebd568043808ece4, type: 3}
      propertyPath: m_LocalRotation.y
      value: -0
      objectReference: {fileID: 0}
    - target: {fileID: 4656529876207692246, guid: ebc19cb28fdd7a14ebd568043808ece4, type: 3}
      propertyPath: m_LocalRotation.z
      value: -0
      objectReference: {fileID: 0}
    - target: {fileID: 4656529876207692246, guid: ebc19cb28fdd7a14ebd568043808ece4, type: 3}
      propertyPath: m_LocalEulerAnglesHint.x
      value: 0
      objectReference: {fileID: 0}
    - target: {fileID: 4656529876207692246, guid: ebc19cb28fdd7a14ebd568043808ece4, type: 3}
      propertyPath: m_LocalEulerAnglesHint.y
      value: 0
      objectReference: {fileID: 0}
    - target: {fileID: 4656529876207692246, guid: ebc19cb28fdd7a14ebd568043808ece4, type: 3}
      propertyPath: m_LocalEulerAnglesHint.z
      value: 0
      objectReference: {fileID: 0}
    - target: {fileID: 4656529876207692247, guid: ebc19cb28fdd7a14ebd568043808ece4, type: 3}
      propertyPath: m_Name
      value: SegmentoPared (7)
      objectReference: {fileID: 0}
    m_RemovedComponents: []
  m_SourcePrefab: {fileID: 100100000, guid: ebc19cb28fdd7a14ebd568043808ece4, type: 3}
--- !u!4 &1717869754965255182 stripped
Transform:
  m_CorrespondingSourceObject: {fileID: 4656529876207692246, guid: ebc19cb28fdd7a14ebd568043808ece4, type: 3}
  m_PrefabInstance: {fileID: 6289356252871724504}
  m_PrefabAsset: {fileID: 0}
--- !u!1001 &6766884992275478042
PrefabInstance:
  m_ObjectHideFlags: 0
  serializedVersion: 2
  m_Modification:
    m_TransformParent: {fileID: 2840172611058924507}
    m_Modifications:
    - target: {fileID: 4656529876207692246, guid: ebc19cb28fdd7a14ebd568043808ece4, type: 3}
      propertyPath: m_RootOrder
      value: 4
      objectReference: {fileID: 0}
    - target: {fileID: 4656529876207692246, guid: ebc19cb28fdd7a14ebd568043808ece4, type: 3}
      propertyPath: m_LocalPosition.x
      value: 10
      objectReference: {fileID: 0}
    - target: {fileID: 4656529876207692246, guid: ebc19cb28fdd7a14ebd568043808ece4, type: 3}
      propertyPath: m_LocalPosition.y
      value: 0
      objectReference: {fileID: 0}
    - target: {fileID: 4656529876207692246, guid: ebc19cb28fdd7a14ebd568043808ece4, type: 3}
      propertyPath: m_LocalPosition.z
      value: 0
      objectReference: {fileID: 0}
    - target: {fileID: 4656529876207692246, guid: ebc19cb28fdd7a14ebd568043808ece4, type: 3}
      propertyPath: m_LocalRotation.w
      value: 1
      objectReference: {fileID: 0}
    - target: {fileID: 4656529876207692246, guid: ebc19cb28fdd7a14ebd568043808ece4, type: 3}
      propertyPath: m_LocalRotation.x
      value: -0
      objectReference: {fileID: 0}
    - target: {fileID: 4656529876207692246, guid: ebc19cb28fdd7a14ebd568043808ece4, type: 3}
      propertyPath: m_LocalRotation.y
      value: -0
      objectReference: {fileID: 0}
    - target: {fileID: 4656529876207692246, guid: ebc19cb28fdd7a14ebd568043808ece4, type: 3}
      propertyPath: m_LocalRotation.z
      value: -0
      objectReference: {fileID: 0}
    - target: {fileID: 4656529876207692246, guid: ebc19cb28fdd7a14ebd568043808ece4, type: 3}
      propertyPath: m_LocalEulerAnglesHint.x
      value: 0
      objectReference: {fileID: 0}
    - target: {fileID: 4656529876207692246, guid: ebc19cb28fdd7a14ebd568043808ece4, type: 3}
      propertyPath: m_LocalEulerAnglesHint.y
      value: 0
      objectReference: {fileID: 0}
    - target: {fileID: 4656529876207692246, guid: ebc19cb28fdd7a14ebd568043808ece4, type: 3}
      propertyPath: m_LocalEulerAnglesHint.z
      value: 0
      objectReference: {fileID: 0}
    - target: {fileID: 4656529876207692247, guid: ebc19cb28fdd7a14ebd568043808ece4, type: 3}
      propertyPath: m_Name
      value: SegmentoPared (6)
      objectReference: {fileID: 0}
    m_RemovedComponents: []
  m_SourcePrefab: {fileID: 100100000, guid: ebc19cb28fdd7a14ebd568043808ece4, type: 3}
--- !u!4 &2123340898327207884 stripped
Transform:
  m_CorrespondingSourceObject: {fileID: 4656529876207692246, guid: ebc19cb28fdd7a14ebd568043808ece4, type: 3}
  m_PrefabInstance: {fileID: 6766884992275478042}
  m_PrefabAsset: {fileID: 0}
--- !u!1001 &8534403293265587565
PrefabInstance:
  m_ObjectHideFlags: 0
  serializedVersion: 2
  m_Modification:
    m_TransformParent: {fileID: 2840172611058924507}
    m_Modifications:
    - target: {fileID: 4656529876207692246, guid: ebc19cb28fdd7a14ebd568043808ece4, type: 3}
      propertyPath: m_RootOrder
      value: 0
      objectReference: {fileID: 0}
    - target: {fileID: 4656529876207692246, guid: ebc19cb28fdd7a14ebd568043808ece4, type: 3}
      propertyPath: m_LocalPosition.x
      value: 0
      objectReference: {fileID: 0}
    - target: {fileID: 4656529876207692246, guid: ebc19cb28fdd7a14ebd568043808ece4, type: 3}
      propertyPath: m_LocalPosition.y
      value: 0
      objectReference: {fileID: 0}
    - target: {fileID: 4656529876207692246, guid: ebc19cb28fdd7a14ebd568043808ece4, type: 3}
      propertyPath: m_LocalPosition.z
      value: 0
      objectReference: {fileID: 0}
    - target: {fileID: 4656529876207692246, guid: ebc19cb28fdd7a14ebd568043808ece4, type: 3}
      propertyPath: m_LocalRotation.w
      value: 1
      objectReference: {fileID: 0}
    - target: {fileID: 4656529876207692246, guid: ebc19cb28fdd7a14ebd568043808ece4, type: 3}
      propertyPath: m_LocalRotation.x
      value: -0
      objectReference: {fileID: 0}
    - target: {fileID: 4656529876207692246, guid: ebc19cb28fdd7a14ebd568043808ece4, type: 3}
      propertyPath: m_LocalRotation.y
      value: -0
      objectReference: {fileID: 0}
    - target: {fileID: 4656529876207692246, guid: ebc19cb28fdd7a14ebd568043808ece4, type: 3}
      propertyPath: m_LocalRotation.z
      value: -0
      objectReference: {fileID: 0}
    - target: {fileID: 4656529876207692246, guid: ebc19cb28fdd7a14ebd568043808ece4, type: 3}
      propertyPath: m_LocalEulerAnglesHint.x
      value: 0
      objectReference: {fileID: 0}
    - target: {fileID: 4656529876207692246, guid: ebc19cb28fdd7a14ebd568043808ece4, type: 3}
      propertyPath: m_LocalEulerAnglesHint.y
      value: 0
      objectReference: {fileID: 0}
    - target: {fileID: 4656529876207692246, guid: ebc19cb28fdd7a14ebd568043808ece4, type: 3}
      propertyPath: m_LocalEulerAnglesHint.z
      value: 0
      objectReference: {fileID: 0}
    - target: {fileID: 4656529876207692247, guid: ebc19cb28fdd7a14ebd568043808ece4, type: 3}
      propertyPath: m_Name
      value: SegmentoPared (1)
      objectReference: {fileID: 0}
    m_RemovedComponents: []
  m_SourcePrefab: {fileID: 100100000, guid: ebc19cb28fdd7a14ebd568043808ece4, type: 3}
--- !u!4 &3958413193694315707 stripped
Transform:
  m_CorrespondingSourceObject: {fileID: 4656529876207692246, guid: ebc19cb28fdd7a14ebd568043808ece4, type: 3}
  m_PrefabInstance: {fileID: 8534403293265587565}
  m_PrefabAsset: {fileID: 0}
--- !u!1001 &8989971129474240396
PrefabInstance:
  m_ObjectHideFlags: 0
  serializedVersion: 2
  m_Modification:
    m_TransformParent: {fileID: 2840172611058924507}
    m_Modifications:
    - target: {fileID: 4656529876207692246, guid: ebc19cb28fdd7a14ebd568043808ece4, type: 3}
      propertyPath: m_RootOrder
      value: 1
      objectReference: {fileID: 0}
    - target: {fileID: 4656529876207692246, guid: ebc19cb28fdd7a14ebd568043808ece4, type: 3}
      propertyPath: m_LocalPosition.x
      value: 2
      objectReference: {fileID: 0}
    - target: {fileID: 4656529876207692246, guid: ebc19cb28fdd7a14ebd568043808ece4, type: 3}
      propertyPath: m_LocalPosition.y
      value: 0
      objectReference: {fileID: 0}
    - target: {fileID: 4656529876207692246, guid: ebc19cb28fdd7a14ebd568043808ece4, type: 3}
      propertyPath: m_LocalPosition.z
      value: 0
      objectReference: {fileID: 0}
    - target: {fileID: 4656529876207692246, guid: ebc19cb28fdd7a14ebd568043808ece4, type: 3}
      propertyPath: m_LocalRotation.w
      value: 1
      objectReference: {fileID: 0}
    - target: {fileID: 4656529876207692246, guid: ebc19cb28fdd7a14ebd568043808ece4, type: 3}
      propertyPath: m_LocalRotation.x
      value: -0
      objectReference: {fileID: 0}
    - target: {fileID: 4656529876207692246, guid: ebc19cb28fdd7a14ebd568043808ece4, type: 3}
      propertyPath: m_LocalRotation.y
      value: -0
      objectReference: {fileID: 0}
    - target: {fileID: 4656529876207692246, guid: ebc19cb28fdd7a14ebd568043808ece4, type: 3}
      propertyPath: m_LocalRotation.z
      value: -0
      objectReference: {fileID: 0}
    - target: {fileID: 4656529876207692246, guid: ebc19cb28fdd7a14ebd568043808ece4, type: 3}
      propertyPath: m_LocalEulerAnglesHint.x
      value: 0
      objectReference: {fileID: 0}
    - target: {fileID: 4656529876207692246, guid: ebc19cb28fdd7a14ebd568043808ece4, type: 3}
      propertyPath: m_LocalEulerAnglesHint.y
      value: 0
      objectReference: {fileID: 0}
    - target: {fileID: 4656529876207692246, guid: ebc19cb28fdd7a14ebd568043808ece4, type: 3}
      propertyPath: m_LocalEulerAnglesHint.z
      value: 0
      objectReference: {fileID: 0}
    - target: {fileID: 4656529876207692247, guid: ebc19cb28fdd7a14ebd568043808ece4, type: 3}
      propertyPath: m_Name
      value: SegmentoPared (2)
      objectReference: {fileID: 0}
    m_RemovedComponents: []
  m_SourcePrefab: {fileID: 100100000, guid: ebc19cb28fdd7a14ebd568043808ece4, type: 3}
--- !u!4 &4349802538326697562 stripped
Transform:
  m_CorrespondingSourceObject: {fileID: 4656529876207692246, guid: ebc19cb28fdd7a14ebd568043808ece4, type: 3}
  m_PrefabInstance: {fileID: 8989971129474240396}
  m_PrefabAsset: {fileID: 0}
--- !u!1001 &9130347054333247216
PrefabInstance:
  m_ObjectHideFlags: 0
  serializedVersion: 2
  m_Modification:
    m_TransformParent: {fileID: 2840172611058924507}
    m_Modifications:
    - target: {fileID: 4656529876207692246, guid: ebc19cb28fdd7a14ebd568043808ece4, type: 3}
      propertyPath: m_RootOrder
      value: 9
      objectReference: {fileID: 0}
    - target: {fileID: 4656529876207692246, guid: ebc19cb28fdd7a14ebd568043808ece4, type: 3}
      propertyPath: m_LocalPosition.x
      value: 4
      objectReference: {fileID: 0}
    - target: {fileID: 4656529876207692246, guid: ebc19cb28fdd7a14ebd568043808ece4, type: 3}
      propertyPath: m_LocalPosition.y
      value: 0
      objectReference: {fileID: 0}
    - target: {fileID: 4656529876207692246, guid: ebc19cb28fdd7a14ebd568043808ece4, type: 3}
      propertyPath: m_LocalPosition.z
      value: 0
      objectReference: {fileID: 0}
    - target: {fileID: 4656529876207692246, guid: ebc19cb28fdd7a14ebd568043808ece4, type: 3}
      propertyPath: m_LocalRotation.w
      value: 1
      objectReference: {fileID: 0}
    - target: {fileID: 4656529876207692246, guid: ebc19cb28fdd7a14ebd568043808ece4, type: 3}
      propertyPath: m_LocalRotation.x
      value: -0
      objectReference: {fileID: 0}
    - target: {fileID: 4656529876207692246, guid: ebc19cb28fdd7a14ebd568043808ece4, type: 3}
      propertyPath: m_LocalRotation.y
      value: -0
      objectReference: {fileID: 0}
    - target: {fileID: 4656529876207692246, guid: ebc19cb28fdd7a14ebd568043808ece4, type: 3}
      propertyPath: m_LocalRotation.z
      value: -0
      objectReference: {fileID: 0}
    - target: {fileID: 4656529876207692246, guid: ebc19cb28fdd7a14ebd568043808ece4, type: 3}
      propertyPath: m_LocalEulerAnglesHint.x
      value: 0
      objectReference: {fileID: 0}
    - target: {fileID: 4656529876207692246, guid: ebc19cb28fdd7a14ebd568043808ece4, type: 3}
      propertyPath: m_LocalEulerAnglesHint.y
      value: 0
      objectReference: {fileID: 0}
    - target: {fileID: 4656529876207692246, guid: ebc19cb28fdd7a14ebd568043808ece4, type: 3}
      propertyPath: m_LocalEulerAnglesHint.z
      value: 0
      objectReference: {fileID: 0}
    - target: {fileID: 4656529876207692247, guid: ebc19cb28fdd7a14ebd568043808ece4, type: 3}
      propertyPath: m_Name
      value: SegmentoPared (3)
      objectReference: {fileID: 0}
    m_RemovedComponents: []
  m_SourcePrefab: {fileID: 100100000, guid: ebc19cb28fdd7a14ebd568043808ece4, type: 3}
--- !u!4 &4479624798687418150 stripped
Transform:
  m_CorrespondingSourceObject: {fileID: 4656529876207692246, guid: ebc19cb28fdd7a14ebd568043808ece4, type: 3}
  m_PrefabInstance: {fileID: 9130347054333247216}
  m_PrefabAsset: {fileID: 0}
